@article{leuthold2008beyond,
  title={Beyond web content accessibility guidelines: Design of enhanced text user interfaces for blind internet users},
  author={Leuthold, Stefan and Bargas-Avila, Javier A and Opwis, Klaus},
  journal={International Journal of Human-Computer Studies},
  volume={66},
  number={4},
  pages={257--270},
  year={2008},
  publisher={Elsevier}
}

@inproceedings{chen2007comparing,
  title={Comparing text-based and graphic user interfaces for novice and expert users},
  author={Chen, Jung-Wei and Zhang, Jiajie},
  booktitle={AMIA Annual Symposium Proceedings},
  volume={2007},
  pages={125},
  year={2007},
  organization={American Medical Informatics Association}
}

@article{schrepp2010goms,
  title={GOMS analysis as a tool to investigate the usability of web units for disabled users},
  author={Schrepp, Martin},
  journal={Universal Access in the Information Society},
  volume={9},
  number={1},
  pages={77--86},
  year={2010},
  publisher={Springer}
}

@inproceedings{moore1993issues,
  title={Issues in user interface migration},
  author={Moore, Melody M and Rugaber, Spencer},
  booktitle={Proceedings of the Third Software Engineering Research Forum},
  year={1993}
}

@inproceedings{mynatt1994nonvisual,
  title={Nonvisual presentation of graphical user interfaces: contrasting two approaches},
  author={Mynatt, Elizabeth D and Weber, Gerhard},
  booktitle={Proceedings of the SIGCHI Conference on Human Factors in Computing Systems},
  pages={166--172},
  year={1994},
  organization={ACM}
}

@misc{inter87:online,
author = {},
title = {interface, n. : Oxford English Dictionary},
howpublished = {\url{http://www.oed.com/view/Entry/97747?result=1&rskey=X7p96Q&}},
month = {},
year = {},
note = {(Accessed on 05/16/2016)}
}

@book{nielsen1994usability,
  title={Usability engineering},
  author={Nielsen, Jakob},
  year={1994},
  publisher={Elsevier}
}

@article{paap1986optimal,
  title={The optimal number of menu options per panel},
  author={Paap, Kenneth R and Roske-Hofstrand, Renate J},
  journal={Human Factors: The Journal of the Human Factors and Ergonomics Society},
  volume={28},
  number={4},
  pages={377--385},
  year={1986},
  publisher={SAGE Publications}
}

@article{landauer1985selection,
  title={Selection from alphabetic and numeric menu trees using a touch screen: breadth, depth, and width},
  author={Landauer, Thomas K and Nachbar, DW},
  journal={ACM SIGCHI Bulletin},
  volume={16},
  number={4},
  pages={73--78},
  year={1985},
  publisher={ACM}
}

@article{fisher1990optimal,
  title={Optimal menu hierarchy design: syntax and semantics},
  author={Fisher, Donald L and Yungkurth, Erika J and Moss, Stanley M},
  journal={Human Factors: The Journal of the Human Factors and Ergonomics Society},
  volume={32},
  number={6},
  pages={665--683},
  year={1990},
  publisher={SAGE Publications}
}

@article{miller1956magical,
  title={The magical number seven, plus or minus two: some limits on our capacity for processing information.},
  author={Miller, George A},
  journal={Psychological review},
  volume={63},
  number={2},
  pages={81},
  year={1956},
  publisher={American Psychological Association}
}

@article{boyd1990graphical,
  title={The Graphical User Interface Crisis: Danger and Opportunity.},
  author={Boyd, Lawrence H and others},
  year={1990},
  publisher={ERIC}
}

@misc{Secti81:online,
author = {},
title = {Section 508 Of The Rehabilitation Act},
howpublished = {\url{http://www.section508.gov/section-508-of-the-rehabilitation-act}},
month = {},
year = {},
note = {(Accessed on 05/16/2016)}
}

@misc{WebCo83:online,
author = {},
title = {Web Content Accessibility Guidelines (WCAG) 2.0},
howpublished = {\url{https://www.w3.org/TR/WCAG20/}},
month = {},
year = {},
note = {(Accessed on 05/16/2016)}
}

@misc{Apach60:online,
author = {},
title = {Apache Isis},
howpublished = {\url{http://isis.apache.org/}},
month = {},
year = {},
note = {(Accessed on 05/16/2016)}
}

@article{myers1998brief,
  title={A brief history of human-computer interaction technology},
  author={Myers, Brad A},
  journal={interactions},
  volume={5},
  number={2},
  pages={44--54},
  year={1998},
  publisher={ACM}
}

@misc{Sprin96:online,
author = {},
title = {Spring},
howpublished = {\url{https://spring.io/}},
month = {},
year = {},
note = {(Accessed on 05/16/2016)}
}

@inproceedings{leff2001web,
  title={Web-application development using the model/view/controller design pattern},
  author={Leff, Avraham and Rayfield, James T},
  booktitle={Enterprise Distributed Object Computing Conference, 2001. EDOC'01. Proceedings. Fifth IEEE International},
  pages={118--127},
  year={2001},
  organization={IEEE}
}

@misc{Fulfi2:online,
author = {},
title = {Fulfilling the Promise of MVC},
howpublished = {\url{https://www.infoq.com/articles/Nacked-MVC}},
month = {},
year = {},
note = {(Accessed on 05/17/2016)}
}