@article{leuthold2008beyond,
  title={Beyond web content accessibility guidelines: Design of enhanced text user interfaces for blind internet users},
  author={Leuthold, Stefan and Bargas-Avila, Javier A and Opwis, Klaus},
  journal={International Journal of Human-Computer Studies},
  volume={66},
  number={4},
  pages={257--270},
  year={2008},
  publisher={Elsevier}
}

@inproceedings{chen2007comparing,
  title={Comparing text-based and graphic user interfaces for novice and expert users},
  author={Chen, Jung-Wei and Zhang, Jiajie},
  booktitle={AMIA Annual Symposium Proceedings},
  volume={2007},
  pages={125},
  year={2007},
  organization={American Medical Informatics Association}
}

@article{schrepp2010goms,
  title={GOMS analysis as a tool to investigate the usability of web units for disabled users},
  author={Schrepp, Martin},
  journal={Universal Access in the Information Society},
  volume={9},
  number={1},
  pages={77--86},
  year={2010},
  publisher={Springer}
}

@inproceedings{moore1993issues,
  title={Issues in user interface migration},
  author={Moore, Melody M and Rugaber, Spencer},
  booktitle={Proceedings of the Third Software Engineering Research Forum},
  year={1993}
}

@inproceedings{mynatt1994nonvisual,
  title={Nonvisual presentation of graphical user interfaces: contrasting two approaches},
  author={Mynatt, Elizabeth D and Weber, Gerhard},
  booktitle={Proceedings of the SIGCHI Conference on Human Factors in Computing Systems},
  pages={166--172},
  year={1994},
  organization={ACM}
}